@inbook{tmi,
author = {Professor Dirk Roose},
title = {Computergesteund ontwerp van curven en oppervlakken},
booktitle = {Toepassingen van meetkunde in de informatica},
year = {2007},
}
